<record><leader>00000cas a2200000 a 4500</leader><controlfield tag="001">42344267</controlfield><controlfield tag="007">hd afb---bucu</controlfield><controlfield tag="007">hd bfb---bubu</controlfield><controlfield tag="008">820708d19081916wauwr nea     0   a0eng c</controlfield><datafield ind1=" " ind2=" " tag="010"><subfield code="a">  2006252606</subfield></datafield><datafield ind1=" " ind2=" " tag="040"><subfield code="a">Wa</subfield><subfield code="b">eng</subfield><subfield code="c">WRJ</subfield><subfield code="d">OCL</subfield><subfield code="d">WAU</subfield><subfield code="d">OCLCQ</subfield><subfield code="d">OCLCF</subfield></datafield><datafield ind1="1" ind2=" " tag="029"><subfield code="a">AU@</subfield><subfield code="b">000040518032</subfield></datafield><datafield ind1=" " ind2=" " tag="042"><subfield code="a">pcc</subfield></datafield><datafield ind1=" " ind2=" " tag="043"><subfield code="a">n-us-wa</subfield></datafield><datafield ind1="0" ind2=" " tag="082"><subfield code="a">071.9771</subfield><subfield code="2">19</subfield></datafield><datafield ind1="0" ind2="0" tag="245"><subfield code="a">Monroe monitor-transcript</subfield><subfield code="h">[microform].</subfield></datafield><datafield ind1=" " ind2=" " tag="260"><subfield code="a">Monroe, Snohomish County, Wash. :</subfield><subfield code="b">H.D. Matthews,</subfield><subfield code="c">[1908-1916]</subfield></datafield><datafield ind1=" " ind2=" " tag="300"><subfield code="a">v. :</subfield><subfield code="b">ill.</subfield></datafield><datafield ind1=" " ind2=" " tag="310"><subfield code="a">Weekly</subfield></datafield><datafield ind1="0" ind2=" " tag="362"><subfield code="a">10th yr., no. 41, (Oct. 9, 1908)-18th year, no. 7 (Feb. 18, 1916).</subfield></datafield><datafield ind1=" " ind2=" " tag="500"><subfield code="a">"Republican in politics."</subfield></datafield><datafield ind1=" " ind2=" " tag="515"><subfield code="a">Vol. numbering irregular.</subfield></datafield><datafield ind1=" " ind2=" " tag="580"><subfield code="a">Merger of: Monroe monitor (Monroe, Wash. : 1899); and: Monroe transcript.</subfield></datafield><datafield ind1=" " ind2=" " tag="533"><subfield code="a">Microfilm.</subfield><subfield code="b">[Seattle, Wash.] :</subfield><subfield code="c">Filmed by University of Washington Library.</subfield><subfield code="e">6 microfilm reels ; 35 mm.</subfield><subfield code="n">Filmed with other titles.</subfield></datafield><datafield ind1=" " ind2="0" tag="651"><subfield code="a">Monroe (Wash.)</subfield><subfield code="v">Newspapers.</subfield></datafield><datafield ind1=" " ind2="7" tag="655"><subfield code="a">Newspapers.</subfield><subfield code="2">fast</subfield><subfield code="0">(OCoLC)fst01423814</subfield></datafield><datafield ind1=" " ind2="7" tag="651"><subfield code="a">Washington (State)</subfield><subfield code="z">Monroe.</subfield><subfield code="2">fast</subfield><subfield code="0">(OCoLC)fst01225806</subfield></datafield><datafield ind1=" " ind2=" " tag="752"><subfield code="a">United States</subfield><subfield code="b">Washington</subfield><subfield code="c">Snohomish</subfield><subfield code="d">Monroe.</subfield></datafield><datafield ind1="1" ind2=" " tag="776"><subfield code="c">Original</subfield><subfield code="w">(DLC)sn 88085291</subfield><subfield code="w">(OCoLC)17362706</subfield></datafield><datafield ind1="1" ind2="4" tag="780"><subfield code="t">Monroe monitor (Monroe, Wash. : 1899)</subfield><subfield code="w">(DLC)  2006252603</subfield><subfield code="w">(OCoLC)42344253</subfield></datafield><datafield ind1="1" ind2="4" tag="780"><subfield code="t">Monroe transcript</subfield><subfield code="w">(DLC)  2006252605</subfield><subfield code="w">(OCoLC)42340400</subfield></datafield><datafield ind1="0" ind2="0" tag="785"><subfield code="t">Monroe monitor (Monroe, Wash. : 1916)</subfield><subfield code="w">(DLC)  2006252607</subfield><subfield code="w">(OCoLC)70667417</subfield></datafield></record>